<record><leader>00000cas a2200000 a 4500</leader><controlfield tag="001">12156217</controlfield><controlfield tag="008">850614d18731905tnuwr ne      0    0eng d</controlfield><datafield ind1=" " ind2=" " tag="010"><subfield code="a">sn 85033670 </subfield></datafield><datafield ind1=" " ind2=" " tag="040"><subfield code="a">NPU</subfield><subfield code="b">eng</subfield><subfield code="c">NPU</subfield><subfield code="d">NPX</subfield><subfield code="d">KNP</subfield><subfield code="d">TGN</subfield><subfield code="d">OCL</subfield><subfield code="d">OCLCQ</subfield><subfield code="d">OCLCF</subfield><subfield code="d">OCLCO</subfield></datafield><datafield ind1=" " ind2=" " tag="042"><subfield code="a">msc</subfield></datafield><datafield ind1=" " ind2=" " tag="043"><subfield code="a">n-us-tn</subfield></datafield><datafield ind1="0" ind2=" " tag="130"><subfield code="a">Gallatin examiner (Gallatin, Tenn. : 1873)</subfield></datafield><datafield ind1="1" ind2="4" tag="245"><subfield code="a">The Gallatin examiner.</subfield></datafield><datafield ind1=" " ind2=" " tag="260"><subfield code="a">Gallatin, Tenn. :</subfield><subfield code="b">Thos. Boyers &amp; Co.</subfield></datafield><datafield ind1=" " ind2=" " tag="300"><subfield code="a">v. ;</subfield><subfield code="c">81 cm.</subfield></datafield><datafield ind1=" " ind2=" " tag="310"><subfield code="a">Weekly</subfield></datafield><datafield ind1="1" ind2=" " tag="362"><subfield code="a">Began in 1873; ceased in 1905.</subfield><subfield code="z">Cf. NIM.</subfield></datafield><datafield ind1=" " ind2=" " tag="500"><subfield code="a">Publishers: Thos. Boyers &amp; Co. (Thomas &amp; Robert Boyers, J.W. Brown), &lt;1875-1885&gt;; Thos. Boyers &amp; Co. (Thomas &amp; Robert Boyers), &lt;1885&gt;; Boyers &amp; Russwurm (Thomas Boyer, Jr. &amp; J.W. Russwurm), &lt;1888-1890&gt;; Thos. Boyers, &lt;1899-1903&gt;</subfield></datafield><datafield ind1=" " ind2=" " tag="515"><subfield code="a">Not published Mar. 29, 1873.</subfield></datafield><datafield ind1=" " ind2=" " tag="580"><subfield code="a">Merged with: Tennesseean (Gallatin, Tenn.), to form: Examiner and Tennessean.</subfield></datafield><datafield ind1=" " ind2=" " tag="588"><subfield code="a">Description based on: Vol. 16, no. 31 (Apr. 5, 1873).</subfield></datafield><datafield ind1=" " ind2="0" tag="651"><subfield code="a">Gallatin (Tenn.)</subfield><subfield code="v">Newspapers.</subfield></datafield><datafield ind1=" " ind2="0" tag="651"><subfield code="a">Sumner County (Tenn.)</subfield><subfield code="v">Newspapers.</subfield></datafield><datafield ind1=" " ind2="7" tag="655"><subfield code="a">Newspapers.</subfield><subfield code="2">fast</subfield><subfield code="0">(OCoLC)fst01423814</subfield></datafield><datafield ind1=" " ind2="7" tag="651"><subfield code="a">Tennessee</subfield><subfield code="z">Gallatin.</subfield><subfield code="2">fast</subfield><subfield code="0">(OCoLC)fst01202906</subfield></datafield><datafield ind1=" " ind2="7" tag="651"><subfield code="a">Tennessee</subfield><subfield code="z">Sumner County.</subfield><subfield code="2">fast</subfield><subfield code="0">(OCoLC)fst01209637</subfield></datafield><datafield ind1=" " ind2=" " tag="752"><subfield code="a">United States</subfield><subfield code="b">Tennessee</subfield><subfield code="c">Sumner</subfield><subfield code="d">Gallatin.</subfield></datafield><datafield ind1="0" ind2="0" tag="780"><subfield code="t">Examiner (Gallatin, Tenn. : 1857)</subfield><subfield code="w">(DLC)sn 85033669</subfield></datafield><datafield ind1="1" ind2="7" tag="785"><subfield code="t">Tennesseean (Gallatin, Tenn.)</subfield><subfield code="w">(DLC)sn 85033668</subfield></datafield><datafield ind1="1" ind2="7" tag="785"><subfield code="t">Examiner-Tennessean</subfield><subfield code="w">(DLC)sn 96091110</subfield></datafield></record>